<?xml version="1.0" encoding="UTF-8"?><record xmlns="http://www.loc.gov/MARC21/slim" xmlns:cinclude="http://apache.org/cocoon/include/1.0" xmlns:zs="http://www.loc.gov/zing/srw/">
  <leader>00621cz  a2200145n  4500</leader>
  <controlfield tag="001">n  78041176 </controlfield>
  <controlfield tag="003">DLC</controlfield>
  <controlfield tag="005">20120808075834.0</controlfield>
  <controlfield tag="008">780713n| aaannaabn          |n ana      </controlfield>
  <datafield tag="010" ind1=" " ind2=" ">
    <subfield code="a">n  78041176 </subfield>
  </datafield>
  <datafield tag="035" ind1=" " ind2=" ">
    <subfield code="a">(OCoLC)oca00177122</subfield>
  </datafield>
  <datafield tag="040" ind1=" " ind2=" ">
    <subfield code="a">DLC</subfield>
    <subfield code="b">eng</subfield>
    <subfield code="c">DLC</subfield>
    <subfield code="d">OCoLC</subfield>
    <subfield code="d">DLC</subfield>
  </datafield>
  <datafield tag="110" ind1="2" ind2=" ">
    <subfield code="a">Chung-kuo nung yeh chi hsieh hua kʻo hsüeh yen chiu yüan.</subfield>
    <subfield code="b">Ti san yen chiu shih</subfield>
  </datafield>
  <datafield tag="667" ind1=" " ind2=" ">
    <subfield code="a">THIS 1XX FIELD CANNOT BE USED UNDER RDA UNTIL THIS RECORD HAS BEEN REVIEWED AND/OR UPDATED</subfield>
  </datafield>
  <datafield tag="670" ind1=" " ind2=" ">
    <subfield code="a">Its Nung tsʻun chi ... 1966,</subfield>
    <subfield code="b">1971 printing- v. 2, t.p. (Chung-kuo nung yeh chi hsieh hua kʻo hsüeh yen chiu yüan ti san yen chiu shih)</subfield>
  </datafield>
</record>